@online{IndustrieHohesPotenzial,
 author = {PwC- und Strategy},
 title = {Industrie 4.0 hat hohes Nutzenpotenzial f√ºr deutsche Unternehmen},
 url = {http://www.pwc.de/de/digitale-transformation/pwc-studie-industrie-4-0-steht-vor-dem-durchbruch.html},
 urldate = {2016-01-08}
}

@online{SasForsa,
 author = {sas},
 title = {Auswertung von Maschinendaten - Ergebnisse einer Befragung von Unternehmen des verarbeitenden Gewerbes},
 urldate = {2016-01-08},
 url = {http://www.sas.com/content/dam/SAS/bp_de/doc/studie/ba-st-manufacturing-forsa-03-2013-2265246.pdf}
}

@online{StudieAdblock,
 author = {PageFair and Adobe},
 year = {2014},
 title = {Adblocking goes mainstream},
 url = {http://downloads.pagefair.com/reports/adblocking_goes_mainstream_2014_report.pdf},
 urldate = {2014-11-14},
}

@online{Whitelisting,
 author = {Adblock Plus},
 title = {Akzeptable Werbung in Adblock Plus zulassen},
 url = {https://adblockplus.org/de/acceptable-ads
 },
 urldate = {2014-11-20},
 organization = {Adblock Plus}
}

@online{Manifesto,
	author = {Acceptable Ads Collaborators},
	title = {Acceptable Ads Manifesto},
	url = {https://acceptableads.org/de/},
	urldate = {2014-11-20},
	organization = {Adblock Plus}
}

@online{WhitelistVereinbarungen,
	author = {Adblock Plus},
	title = {Akzeptable Werbung in Adblock Plus freischalten - Vereinbarungen},
	url = {https://adblockplus.org/de/acceptable-ads-agreements},
	urldate = {2014-11-20},
	organization = {Adblock Plus}
}


